@misc{ activemqdownload,
howpublished = "\url{http://activemq.apache.org/download-archives.html}",
title = "Activemq Download archive",
note = "[Online; accessed 02/13/2014]"
}

@misc{ activemqtut1,
howpublished = "http://www.openlogic.com/wazi/bid/188010/How-to-Get-Started-with-ActiveMQ",
title = "Activemq How to get started",
note = "[Online; accessed 02/11/2014]"
}

